@misc{thrust,
title = {The Unruh Effect as Holographic Thrust},
author = {Kevin Player},
year = {2023},
publisher = {preprint}
}

@misc{matterchannels,
title = {Information Theory and the Physics of ``Matter Channels''},
author = {Kevin Player},
year = {2023},
publisher = {preprint}
}

@book{nielsenchuang,
  Author = {Michael A. Nielsen and Isaac L. Chuang},
  Title = {Quantum Computation and Quantum Information: 10th Anniversary Edition},
  Publisher = {Cambridge University Press},
  Year = {2011},
  ISBN = {9781107002173},
  URL = {https://www.amazon.com/Quantum-Computation-Information-10th-Anniversary/dp/1107002176?SubscriptionId=AKIAIOBINVZYXZQZ2U3A&tag=chimbori05-20&linkCode=xm2&camp=2025&creative=165953&creativeASIN=1107002176}
}

@misc{penrose,
title = {The road to reality: a complete guide to the laws of the universe},
author = {Penrose, R},
year = {2007},
publisher = {1st Vintage Books ed. New York, Vintage Books}
}

@misc{beisert,
  title={Chapter 3 Quantum Field Theory},
  author={ETH Zurich},
  year={2012},
  url={https://edu.itp.phys.ethz.ch/hs12/qft1/Chapter03.pdf}
}

@article{bekenstein,
  title = {Black Holes and Entropy},
  author = {Bekenstein, Jacob D.},
  journal = {Phys. Rev. D},
  volume = {7},
  issue = {8},
  pages = {2333--2346},
  numpages = {0},
  year = {1973},
  month = {Apr},
  publisher = {American Physical Society},
  doi = {10.1103/PhysRevD.7.2333},
  url = {https://link.aps.org/doi/10.1103/PhysRevD.7.2333}
}

@article{Frodden,
	doi = {10.1142/s0217751x18300260},
	url = {https://doi.org/10.1142%2Fs0217751x18300260},
	year = 2018,
	month = {sep},
	publisher = {World Scientific Pub Co Pte Lt},
	volume = {33},
	number = {27},
	pages = {1830026},
	author = {Ernesto Frodden and Nicol{\'{a}}s Vald{\'{e}}s},
	title = {Unruh Effect: Introductory notes to quantum effects for accelerated observers},
	journal = {International Journal of Modern Physics A}
}

@misc{qspplanck,
  title = {The Derivation of the Planck Formula},
  url = {https://edisciplinas.usp.br/pluginfile.php/48089/course/section/16461/qsp_chapter10-plank.pdf},
  note = {Accessed: 2023-02-25}
}

@ARTICLE{landauer,
  author={Landauer, R.},
  journal={IBM Journal of Research and Development}, 
  title={Irreversibility and Heat Generation in the Computing Process}, 
  year={1961},
  volume={5},
  number={3},
  pages={183-191},
  doi={10.1147/rd.53.0183}}

@article{unruh,
  title = {Notes on black-hole evaporation},
  author = {Unruh, W. G.},
  journal = {Phys. Rev. D},
  volume = {14},
  issue = {4},
  pages = {870--892},
  numpages = {0},
  year = {1976},
  month = {Aug},
  publisher = {American Physical Society},
  doi = {10.1103/PhysRevD.14.870},
  url = {https://link.aps.org/doi/10.1103/PhysRevD.14.870}
}

@article{entropic,
  title={On the origin of gravity and the laws of Newton},
  author={Verlinde, Erik},
  journal={Journal of High Energy Physics},
  volume={2011},
  number={4},
  pages={1--27},
  year={2011},
  publisher={Springer}
}

@misc{NIST:DLMF,
         key = "{\relax DLMF}",
       title = "{\it NIST Digital Library of Mathematical Functions}",
howpublished = "http://dlmf.nist.gov/, Release 1.1.8 of 2022-12-15",
         url = "http://dlmf.nist.gov/",
        note = "F.~W.~J. Olver, A.~B. {Olde Daalhuis}, D.~W. Lozier, B.~I. Schneider,
                R.~F. Boisvert, C.~W. Clark, B.~R. Miller, B.~V. Saunders,
                H.~S. Cohl, and M.~A. McClain, eds."}